<record><leader>00000cas a2200000 a 4500</leader><controlfield tag="001">48801283</controlfield><controlfield tag="008">020116c19uu9999wauwr n       0   z0vie c</controlfield><datafield ind1=" " ind2=" " tag="010"><subfield code="a">  2008253124</subfield></datafield><datafield ind1=" " ind2=" " tag="040"><subfield code="a">OEM</subfield><subfield code="b">eng</subfield><subfield code="c">OEM</subfield><subfield code="d">OCLCQ</subfield><subfield code="d">WAU</subfield><subfield code="d">OCLCQ</subfield><subfield code="d">OCLCF</subfield><subfield code="d">OCLCA</subfield></datafield><datafield ind1=" " ind2=" " tag="037"><subfield code="b">Ng&#432;&#417;&#768;i Vie&#803;&#770;t Ta&#770;y Ba&#769;&#774;c, 6951 M.L. King Jr. Way S. #205, Seattle, WA 98118</subfield></datafield><datafield ind1=" " ind2=" " tag="042"><subfield code="a">pcc</subfield></datafield><datafield ind1=" " ind2=" " tag="043"><subfield code="a">n-us-wa</subfield></datafield><datafield ind1="0" ind2="0" tag="245"><subfield code="a">Ng&#432;&#417;&#768;i Vie&#803;&#770;t Ta&#770;y Ba&#769;&#774;c.</subfield></datafield><datafield ind1="3" ind2="1" tag="246"><subfield code="a">Vietnamese weekly news</subfield><subfield code="f">-June 8, 2007</subfield></datafield><datafield ind1="3" ind2="1" tag="246"><subfield code="a">Northwest Vietnamese bi-weekly news</subfield><subfield code="f">June 15, 2007-&lt;Oct. 31, 2008&gt;</subfield></datafield><datafield ind1=" " ind2=" " tag="260"><subfield code="a">Seattle, WA :</subfield><subfield code="b">Ng&#432;&#417;&#768;i Vie&#803;&#770;t Ta&#770;y Ba&#769;&#774;c</subfield></datafield><datafield ind1=" " ind2=" " tag="300"><subfield code="a">v. :</subfield><subfield code="b">ill. ;</subfield><subfield code="c">32-34 cm.</subfield></datafield><datafield ind1=" " ind2=" " tag="310"><subfield code="a">Biweekly,</subfield><subfield code="b">June 15, 2007-&lt;Oct. 31, 2008&gt;</subfield></datafield><datafield ind1=" " ind2=" " tag="321"><subfield code="a">Weekly,</subfield><subfield code="b">June, 1999-June 12, 2007</subfield></datafield><datafield ind1="1" ind2=" " tag="362"><subfield code="a">Began in 1985.</subfield></datafield><datafield ind1=" " ind2=" " tag="500"><subfield code="a">"Pha&#769;t ha&#768;nh th&#432;&#769; Ba va&#768; th&#432;&#769; Sa&#769;u ha&#768;ng tua&#768;&#770;n."</subfield></datafield><datafield ind1=" " ind2=" " tag="588"><subfield code="a">Description based on: Na&#774;m th&#432;&#769; 14, s&#417;&#770; 780 (Th&#432;&#769; Sa&#769;u 04 tha&#769;ng 6, 1999); title from caption.</subfield></datafield><datafield ind1=" " ind2=" " tag="588"><subfield code="a">Latest issue consulted: Na&#774;m th&#432;&#769; 23, s&#417;&#770; 1762 (Th&#432;&#769; Sa&#769;u nga&#768;y 31 tha&#769;ng 10, 2008).</subfield></datafield><datafield ind1=" " ind2="0" tag="651"><subfield code="a">Seattle (Wash.)</subfield><subfield code="v">Newspapers.</subfield></datafield><datafield ind1=" " ind2="0" tag="650"><subfield code="a">Vietnamese Americans</subfield><subfield code="z">Washington (State)</subfield><subfield code="z">Seattle</subfield><subfield code="v">Newspapers.</subfield></datafield><datafield ind1=" " ind2="7" tag="655"><subfield code="a">Newspapers.</subfield><subfield code="2">fast</subfield><subfield code="0">(OCoLC)fst01423814</subfield></datafield><datafield ind1=" " ind2="7" tag="650"><subfield code="a">Vietnamese Americans.</subfield><subfield code="2">fast</subfield><subfield code="0">(OCoLC)fst01166663</subfield></datafield><datafield ind1=" " ind2="7" tag="651"><subfield code="a">Washington (State)</subfield><subfield code="z">Seattle.</subfield><subfield code="2">fast</subfield><subfield code="0">(OCoLC)fst01204940</subfield></datafield><datafield ind1=" " ind2=" " tag="752"><subfield code="a">United States</subfield><subfield code="b">Washington</subfield><subfield code="c">King</subfield><subfield code="d">Seattle.</subfield></datafield></record>